@article{megchelenbrink2014optgpsampler,
  title={{optGpSampler}: an improved tool for uniformly sampling the solution-space of genome-scale metabolic networks},
  author={Megchelenbrink, Wout and Huynen, Martijn and Marchiori, Elena},
  journal={PloS one},
  volume={9},
  number={2},
  pages={e86587},
  year={2014},
  publisher={Public Library of Science},
  doi={10.1371/journal.pone.0086587},
}

@article{guebila2018dynamic,
  title={Dynamic load balancing enables large-scale flux variability analysis},
  author={Guebila, Marouen Ben},
  journal={bioRxiv},
  pages={440701},
  year={2018},
  publisher={Cold Spring Harbor Laboratory},
  doi={10.1101/440701},
}

@inproceedings{nickolls2008scalable,
  title={Scalable parallel programming},
  author={Nickolls, John and Buck, Ian and Garland, Michael},
  booktitle={2008 IEEE Hot Chips 20 Symposium (HCS)},
  pages={40--53},
  year={2008},
  organization={IEEE},
  doi={10.1145/1365490.1365500},
}

@article{kaufman1998direction,
  title={Direction choice for accelerated convergence in hit-and-run sampling},
  author={Kaufman, David E and Smith, Robert L},
  journal={Operations Research},
  volume={46},
  number={1},
  pages={84--95},
  year={1998},
  publisher={INFORMS},
  doi={10.1287/opre.46.1.84},
}

@InProceedings{VBCG_HPCS14,
   author =       {S. Varrette and P. Bouvry and H. Cartiaux and F. Georgatos},
   title =        {Management of an Academic {HPC} Cluster: The {UL} Experience},
   booktitle =    {Proc. of the 2014 Intl. Conf. on High Performance Computing \& Simulation (HPCS 2014)},
   year =         {2014},
   pages =        {959--967},
   month =        {July},
   address =      {Bologna, Italy},
   publisher =    {IEEE},
   doi={10.1109/hpcsim.2014.6903792},
}

@article{heirendt2019creation,
  title={Creation and analysis of biochemical constraint-based models using the {COBRA} Toolbox v. 3.0},
  author={Heirendt, Laurent and Arreckx, Sylvain and Pfau, Thomas and Mendoza, Sebasti{\'a}n N and Richelle, Anne and Heinken, Almut and Haraldsd{\'o}ttir, Hulda S and Wachowiak, Jacek 
and Keating, Sarah M and Vlasov, Vanja and others},
  journal={Nature protocols},
  pages={1},
  year={2019},
  publisher={Nature Publishing Group},
  doi={10.1038/s41596-018-0098-2},
}

@article{o2015using,
  title={Using genome-scale models to predict biological capabilities},
  author={O'Brien, Edward J and Monk, Jonathan M and Palsson, Bernhard O},
  journal={Cell},
  volume={161},
  number={5},
  pages={971--987},
  year={2015},
  publisher={Elsevier},
  doi={10.1016/j.cell.2015.05.019},
}

@article{mahadevan2003effects,
  title={The effects of alternate optimal solutions in constraint-based genome-scale metabolic models},
  author={Mahadevan, R and Schilling, CH},
  journal={Metabolic engineering},
  volume={5},
  number={4},
  pages={264--276},
  year={2003},
  publisher={Elsevier},
  doi={10.1016/j.ymben.2003.09.002},
}

@article{dagum1998openmp,
  title={{OpenMP}: An industry-standard {API} for shared-memory programming},
  author={Dagum, Leonardo and Menon, Ramesh},
  journal={Computing in Science \& Engineering},
  number={1},
  pages={46--55},
  year={1998},
  publisher={IEEE},
  doi={10.1109/99.660313},
}

@article{mahadevan2005applications,
  doi = {10.1007/bf02989823},
  year = 2005,
  month = oct,
  volume = {10},
  number = {5},
  pages = {408--417},
  author = {Radhakrishnan Mahadevan and Anthony P. Burgard and Iman Famili and Steve Van Dien and Christophe H. Schilling},
  title = {Applications of metabolic modeling to drive bioprocess development for the production of value-added chemicals},
  journal = {Biotechnology and Bioprocess Engineering}
}

@article{thiele2013community,
  doi = {10.1038/nbt.2488},
  year = 2013,
  month = mar,
  publisher = {Springer Nature},
  volume = {31},
  number = {5},
  pages = {419--425},
  author = {Ines Thiele and Neil Swainston and Ronan M T Fleming and Andreas Hoppe and Swagatika Sahoo and Maike K Aurich and Hulda Haraldsdottir and Monica L Mo and Ottar Rolfsson and Miranda D Stobbe and Stefan G Thorleifsson and Rasmus Agren and Christian B\"{o}lling and Sergio Bordel and Arvind K Chavali and Paul Dobson and Warwick B Dunn and Lukas Endler and David Hala and Michael Hucka and Duncan Hull and Daniel Jameson and Neema Jamshidi and Jon J Jonsson and Nick Juty and Sarah Keating and Intawat Nookaew and Nicolas Le Nov{\`{e}}re and Naglis Malys and Alexander Mazein and Jason A Papin and Nathan D Price and Evgeni Selkov and Martin I Sigurdsson and Evangelos Simeonidis and Nikolaus Sonnenschein and Kieran Smallbone and Anatoly Sorokin and Johannes H G M van Beek and Dieter Weichart and Igor Goryanin and Jens Nielsen and Hans V Westerhoff and Douglas B Kell and Pedro Mendes and Bernhard {\O} Palsson},
  title = {A community-driven global reconstruction of human metabolism},
  journal = {Nature Biotechnology}
}

@article{orth2010reconstruction,
  doi = {10.1128/ecosalplus.10.2.1},
  year = {2010},
  month = sep,
  volume = {4},
  number = {1},
  author = {Jeffrey D. Orth and Bernhard {\O}. Palsson and R. M. T. Fleming},
  title = {Reconstruction and Use of Microbial Metabolic Networks: the Core {Escherichia coli} Metabolic Model as an Educational Guide},
  journal = {{EcoSal} Plus}
}

@article{nogales2008genome,
  doi = {10.1186/1752-0509-2-79},
  year = {2008},
  volume = {2},
  number = {1},
  pages = {79},
  author = {Juan Nogales and Bernhard {\O} Palsson and Ines Thiele},
  title = {A genome-scale metabolic reconstruction of Pseudomonas putida {KT}2440: {iJN}746 as a cell factory},
  journal = {{BMC} Systems Biology}
}

@incollection{li2011gpu,
  title={A {GPU}-based parallel algorithm for large scale linear programming problem},
  author={Li, Jianming and Lv, Renping and Hu, Xiangpei and Jiang, Zhongqiang},
  booktitle={Intelligent Decision Technologies},
  pages={37--46},
  year={2011},
  publisher={Springer},
  doi={10.1007/978-3-642-22194-1_4}
}

@inproceedings{gurung2019simultaneous,
  title={Simultaneous solving of batched linear programs on a {GPU}},
  author={Gurung, Amit and Ray, Rajarshi},
  booktitle={Proceedings of the 2019 ACM/SPEC International Conference on Performance Engineering},
  pages={59--66},
  year={2019},
  organization={ACM},
  doi={10.1145/3297663.3310308}
}

@article{charlton2019two,
  title={Two-dimensional batch linear programming on the {GPU}},
  author={Charlton, John and Maddock, Steve and Richmond, Paul},
  journal={Journal of Parallel and Distributed Computing},
  volume={126},
  pages={152--160},
  year={2019},
  publisher={Elsevier},
  doi={10.1016/j.jpdc.2019.01.001}
}
